@article{rainer19,
author = {Gilles Rainer and Wenzel Jakob and Abhijeet Ghosh and Tim Weyrich},
title = {Neural {BTF} Compression and Interpolation},
journal = {Computer Graphics Forum (Eurographics)},
year = {2019},
}

@article{rainer20,
author = {Gilles Rainer and Abhijeet Ghosh and Wenzel Jakob and Tim Weyrich},
title = {Unified Neural Encoding of {BTFs}},
journal = {Computer Graphics Forum (Eurographics)},
year = {2020},
}

@article{rrf,
author = {Peiran Ren and Jiaping Wang and Minmin Gong and Stephen Lin and Xin Tong and Baining Guo},
title = {Global Illumination with Radiance Regression Functions},
journal = {ACM Transactions on Graphics},
year = {2013},
}

@inproceedings{davis12,
  title={Unstructured Light Fields},
  author={Abe Davis and Marc Levoy and Fredo Durand},
  booktitle={Eurographics},
  year={2012}
}

@inproceedings{levoy96,
  title={Light Field Rendering},
  author={Marc Levoy and Pat Hanrahan},
  booktitle={SIGGRAPH},
  year={1996}
}

@inproceedings{cohen96,
  title={The Lumigraph},
  author={Michael Cohen and Steven J. Gortler and Richard Szeliski and Radek Grzeszczuk and Rick Szeliski},
  booktitle={SIGGRAPH},
  year={1996}
}

@inproceedings{jiang2020,
  title={Local Implicit Grid Representations for 3D Scenes},
  author={Jiang, Chiyu and Sud, Avneesh and Makadia, Ameesh and Huang, Jingwei and Nie{\ss}ner, Matthias and Funkhouser, Thomas},
  booktitle={CVPR},
  year={2020}
}

@inproceedings{genova2020,
    title={Local Deep Implicit Functions for 3D Shape},
    author={Genova, Kyle and Cole, Forrester and Sud, Avneesh and 
      Sarna, Aaron and Funkhouser, Thomas},
    booktitle={CVPR},
    year={2020}
  }

@inproceedings{cryoem,
  author = {Ellen D. Zhong and Tristan Bepler and Joseph H. Davis and Bonnie Berger},
  title = {Reconstructing continuous distributions of {3D} protein structure from cryo-{EM} images},
  booktitle = {ICLR},
  year = {2020},
}

@inproceedings{henzler20,
  author = {Philipp Henzler and Niloy J. Mitra and Tobias Ritschel},
  title = {Learning a Neural 3D Texture Space from 2D Exemplars},
  booktitle = {CVPR},
  year = {2020},
}

@inproceedings{henzler18,
  author = {Philipp Henzler and Volker Rasche and Timo Ropinski and Tobias Ritschel},
  title = {Single-Image Tomography: 3D Volumes from 2D Cranial X-Rays},
  booktitle = {Eurographics},
  year = {2018},
}

@inproceedings{kar17,
  author = {Abhishek Kar and
  Christian H\"ane and
  Jitendra Malik},
  title = {Learning a Multi-View Stereo Machine},
  booktitle = {NeurIPS},
  year = {2017},
}
  

@inProceedings{tulsiani17,
  title={Multi-view Supervision for Single-view Reconstruction via Differentiable Ray Consistency},
  author = {Shubham Tulsiani and Tinghui Zhou and Alexei A. Efros and Jitendra Malik},
  booktitle={CVPR},
  year={2017}
}

@InProceedings{deepsdf,
author = {Park, Jeong Joon and Florence, Peter and Straub, Julian and Newcombe, Richard and Lovegrove, Steven},
title = {Deep{SDF}: Learning Continuous Signed Distance Functions for Shape Representation},
booktitle = {CVPR},
year = {2019}
}

@inproceedings{occupancynet,
    title = {Occupancy Networks: Learning {3D} Reconstruction in Function Space},
    author = {Mescheder, Lars and Oechsle, Michael and Niemeyer, Michael and Nowozin, Sebastian and Geiger, Andreas},
    booktitle = {CVPR},
    year = {2019}
}

@inproceedings{implicitfields,
  title={Learning Implicit Fields for Generative Shape Modeling},
  author={Chen, Zhiqin and Zhang, Hao},
  booktitle={CVPR},
  year={2019}
}

@inproceedings{implicitlayers,
  title={Implicit surface representations as layers in neural networks},
  author={Michalkiewicz, Mateusz and Pontes, Jhony K and Jack, Dominic and Baktashmotlagh, Mahsa and Eriksson, Anders},
  booktitle={ICCV},
  year={2019}
}

@inproceedings{implicitwithout3d,
title = {Learning to Infer Implicit Surfaces without {3D} Supervision},
author = {Liu, Shichen and Saito, Shunsuke and Chen, Weikai and Li, Hao},
booktitle = {NeurIPS},
year = {2019},
}

@inproceedings{srn,
title = {Scene Representation Networks: Continuous {3D}-Structure-Aware Neural Scene Representations},
author = {Sitzmann, Vincent and Zollhoefer, Michael and Wetzstein, Gordon},
booktitle = {NeurIPS},
year = {2019},
}

@inproceedings{texturefields,
  title={Texture fields: Learning texture representations in function space},
  author={Oechsle, Michael and Mescheder, Lars and Niemeyer, Michael and Strauss, Thilo and Geiger, Andreas},
  booktitle={ICCV},
  year={2019}
}

@inproceedings{diffvolumetric,
    title={Differentiable Volumetric Rendering: Learning Implicit {3D} Representations without {3D} Supervision},
    author={Michael Niemeyer and Lars Mescheder and Michael Oechsle and Andreas Geiger},
    year={2019},
    booktitle={CVPR},
}

@inproceedings{dist,
    title={DIST: Rendering Deep Implicit Signed Distance Function with Differentiable Sphere Tracing},
    author={Shaohui Liu and Yinda Zhang and Songyou Peng and Boxin Shi and Marc Pollefeys and Zhaopeng Cui},
    year={2019},
    booktitle={CVPR},
}

@inproceedings{sdfdiff,
    title={{SDFD}iff: Differentiable Rendering of Signed Distance Fields for {3D} Shape Optimization},
    author={Yue Jiang and Dantong Ji and Zhizhong Han and Matthias Zwicker},
    year={2019},
    booktitle={CVPR},
}

@article{neuralvolumes,
  title={Neural volumes: Learning dynamic renderable volumes from images},
  author={Lombardi, Stephen and Simon, Tomas and Saragih, Jason and Schwartz, Gabriel and Lehrmann, Andreas and Sheikh, Yaser},
  journal={ACM Transactions on Graphics (SIGGRAPH)},
  year={2019},
}

@inproceedings{deepvoxels,
    author = {Sitzmann, Vincent
              and Thies, Justus
              and Heide, Felix
              and Nie{\ss}ner, Matthias
              and Wetzstein, Gordon
              and Zollh{\"o}fer, Michael},
    title = {DeepVoxels: Learning Persistent {3D} Feature Embeddings},
    booktitle = {CVPR},
    year={2019}
    }


@article{redner,
    title = {Differentiable Monte Carlo Ray Tracing through Edge Sampling},
    author = {Li, Tzu-Mao and Aittala, Miika and Durand, Fr{\'e}do and Lehtinen, Jaakko},
    journal = {ACM Transactions on Graphics (SIGGRAPH Asia)},
    year = {2018}
}

@article{Mitsuba2,
author = {Merlin Nimier-David and Delio Vicini and Tizian Zeltner and Wenzel Jakob},
title = {Mitsuba 2: A Retargetable Forward and Inverse Renderer},
journal = {ACM Transactions on Graphics (SIGGRAPH Asia)},
year = {2019},
}

@inproceedings{rahaman2018,
  title={On the Spectral Bias of Neural Networks},
  author={Nasim Rahaman and Aristide Baratin and Devansh Arpit and Felix Dr{\"a}xler and Min Lin and Fred A. Hamprecht and Yoshua Bengio and Aaron C. Courville},
  booktitle={ICML},
  year={2018}
}

@inproceedings{transformer,
  title={Attention is all you need},
  author={Vaswani, Ashish and Shazeer, Noam and Parmar, Niki and Uszkoreit, Jakob and Jones, Llion and Gomez, Aidan N and Kaiser, {\L}ukasz and Polosukhin, Illia},
  booktitle={NeurIPS},
  year={2017}
}


@article{universal,
author = {Hornik, K. and Stinchcombe, M. and White, H.},
title = {Multilayer Feedforward Networks Are Universal Approximators},
year = {1989},
journal = {Neural Networks},
}

@article{ha2016generating,
  title   = "Generating {L}arge {I}mages from {L}atent {V}ectors",
  author  = "Ha, David",
  year    = "2016",
  url     = "http://blog.otoro.net/2016/04/01/generating-large-images-from-latent-vectors/"
}

@article{ha2016cppngan,
  title   = "Generating {L}arge {I}mages from {L}atent {V}ectors - {P}art {T}wo",
  author  = "Ha, David",
  year    = "2016",
  url     = "http://blog.otoro.net/2016/06/02/generating-large-images-from-latent-vectors-part-two/"
}

@article{stanley2007compositional,
  title={Compositional pattern producing networks: A novel abstraction of development},
  author={Stanley, Kenneth O},
  journal={Genetic programming and evolvable machines},
  year={2007},
}

@article{shapenet,
    title={Shapenet: An information-rich 3d model repository},
    author={Chang, Angel X and Funkhouser, Thomas and Guibas, Leonidas and Hanrahan, Pat and Huang, Qixing and Li, Zimo and Savarese, Silvio and Savva, Manolis and Song, Shuran and Su, Hao and others},
    year={2015},
    journal={arXiv:1512.03012},
}

@inproceedings{lpips,
  title={The Unreasonable Effectiveness of Deep Features as a Perceptual Metric},
  author={Zhang, Richard and Isola, Phillip and Efros, Alexei A and Shechtman, Eli and Wang, Oliver},
  booktitle={CVPR},
  year={2018}
}

@inproceedings{wood00,
  title={Surface Light Fields for {3D} Photography},
  author={Daniel N. Wood and Daniel I. Azuma and Ken Aldinger and Brian Curless and Tom Duchamp and David H. Salesin and Werner Stuetzle},
  booktitle = {SIGGRAPH},
  year={2000}
}

@inproceedings{buehler01,
author = {Chris Buehler and Michael Bosse and Leonard McMillan and Steven Gortler and Michael Cohen},
title = {Unstructured Lumigraph Rendering},
booktitle = {SIGGRAPH},
year = {2001}
}

@inproceedings{debevec96,
author = {Paul Debevec and Camillo J. Taylor and Jitendra Malik},
title = {Modeling and Rendering Architecture from Photographs: A Hybrid Geometry-and Image-Based Approach},
booktitle = {SIGGRAPH},
year = {1996}
}

@article{penner17,
  author    = {Eric Penner and Li Zhang},
  title     = {Soft {3D} Reconstruction for View Synthesis},
  journal = {ACM Transactions on Graphics (SIGGRAPH Asia)},
  year      = {2017}
}

@article{mildenhall19,
  author    = {Ben Mildenhall and Pratul P. Srinivasan and Rodrigo Ortiz-Cayon and Nima K. Kalantari and Ravi Ramamoorthi and Ren Ng and Abhishek Kar},
  title     = {Local Light Field Fusion: Practical View Synthesis with Prescriptive Sampling Guidelines},
  journal = {ACM Transactions on Graphics (SIGGRAPH)},
  year      = {2019}
}

@article{zhou18,
  author    = {Tinghui Zhou and Richard Tucker and John Flynn and Graham Fyffe and Noah Snavely},
  title     = {Stereo Magnification: Learning View Synthesis using Multiplane Images},
  journal = {ACM Transactions on Graphics (SIGGRAPH)},
  year      = {2018}
}

@inproceedings{srinivasan19,
author = {Pratul P. Srinivasan and Richard Tucker and Jonathan T. Barron and Ravi Ramamoorthi and Ren Ng and Noah Snavely},
title = {Pushing the Boundaries of View Extrapolation with Multiplane Images},
booktitle = {CVPR},
year = {2019}
}

@inproceedings{flynn19,
author = {John Flynn and Michael Broxton and Paul Debevec and Matthew DuVall and Graham Fyffe and Ryan Overbeck and Noah Snavely and Richard Tucker},
title = {{DeepView}: view synthesis with learned gradient descent},
booktitle = {CVPR},
year = {2019}
}

@article{max95,
  author    = {Nelson Max},
  title     = {Optical models for direct volume rendering},
  journal = {IEEE Transactions on Visualization and Computer Graphics},
  year      = {1995}
}

@inproceedings{KingmaB15,
  author = {Kingma, Diederik P. and Ba, Jimmy},
  booktitle = {ICLR},
  title = {Adam: A Method for Stochastic Optimization},
  year = {2015},
}

@article(levoy88,
    author = {Marc Levoy},
    title = {Display of Surfaces from Volume Data},
    journal = {IEEE Computer Graphics and Applications},
    year = {1988},
}

@article(levoy90,
    author = {Marc Levoy},
    title = {Efficient Ray Tracing of Volume Data},
    journal = {ACM Transactions on Graphics},
    year = {1990},
}

@inproceedings{waechter14,
  year={2014},
  booktitle={ECCV},
  title={Let There Be Color! {L}arge-Scale Texturing of 3{D} Reconstructions},
  author={Waechter, Michael and Moehrle, Nils and Goesele, Michael},
}

@inproceedings{kazhdan13,
  title={Screened Poisson Surface Reconstruction},
  author={Kazhdan, Michael and Hoppe, Hugues},
  booktitle={SIGGRAPH},
  year={2013},
}

@inproceedings{loshchilov-ICLR16batchsel,
 author    = {I. Loshchilov and F. Hutter},
 title     = {Online Batch Selection for Faster Training of Neural Networks},
 booktitle = {ICLR Workshops},
 year      = {2016},
}

@inproceedings{caltech101,
author={ {Li Fei-Fei} and R. {Fergus} and P. {Perona}},
booktitle={CVPR Workshops},
title={Learning Generative Visual Models from Few Training Examples: An Incremental Bayesian Approach Tested on 101 Object Categories},
year={2004},
}

@PhDThesis{jarosz08thesis,
    title = "Efficient Monte Carlo Methods for Light Transport in Scattering Media",
    author = "Wojciech Jarosz",
    year = "2008",
    month = "September",
    school = "UC San Diego"
}

@article{seitz99,
  title={Photorealistic scene reconstruction by voxel coloring},
  author={Steven M. Seitz and Charles R. Dyer},
  journal={International Journal of Computer Vision},
  year={1999}
}

@article{kutulakos00,
  title={A theory of shape by space carving},
  author={Kiriakos N. Kutulakos and Steven M. Seitz},
  journal={International Journal of Computer Vision},
  year={2000}
}

@inproceedings{szeliski98,
author={Richard Szeliski and Polina Golland},
booktitle={ICCV},
title={Stereo matching with transparency and matting},
year={1998},
}

@inproceedings{genova18,
author = {Kyle Genova and Forrester Cole and Aaron Maschinot and Aaron Sarna and Daniel Vlasic and and William T. Freeman},
booktitle={CVPR},
title={Unsupervised Training for {3D} Morphable Model Regression},
year={2018},
}

@inproceedings{opendr,
author = {Matthew M. Loper and Michael J. Black},
booktitle={ECCV},
title={Open{DR}: An Approximate Differentiable Renderer},
year={2014},
}

@inproceedings{softras,
author = {Shichen Liu and Tianye Li and Weikai Chen and Hao Li},
booktitle={ICCV},
title={Soft Rasterizer: A Differentiable Renderer for Image-based {3D} Reasoning},
year={2019},
}

@inproceedings{dibr,
author = {Wenzheng Chen and Jun Gao and Huan Ling and Edward J. Smith and Jaakko Lehtinen and Alec Jacobson and Sanja Fidler},
title = {Learning to Predict {3D} Objects with an Interpolation-based Differentiable Renderer},
booktitle={NeurIPS},
year={2019},
}

@article{porter84,
author = {Thomas Porter and Tom Duff},
journal={Computer Graphics (SIGGRAPH)},
title={Compositing Digital Images},
year={1984},
}

@inproceedings{colmap,
    author={Sch\"{o}nberger, Johannes Lutz and Frahm, Jan-Michael},
    title={Structure-from-Motion Revisited},
    booktitle={CVPR},
    year={2016},
}

@inproceedings{sdf,
    author={Brian Curless and Marc Levoy},
    title={A volumetric method for building complex models from range images},
    booktitle={SIGGRAPH},
    year={1996},
}

@article{kajiya84,
author={James T. Kajiya and Brian P. Von Herzen},
title={Ray Tracing Volume Densities},
journal={Computer Graphics (SIGGRAPH)},
year={1984},
}

@misc{tensorflow,
title={ {TensorFlow}: Large-Scale Machine Learning on Heterogeneous Systems},
author={
    Mart\'{\i}n~Abadi and
    Ashish~Agarwal and
    Paul~Barham and
    Eugene~Brevdo and
    Zhifeng~Chen and
    Craig~Citro and
    Greg~S.~Corrado and
    Andy~Davis and
    Jeffrey~Dean and
    Matthieu~Devin and
    Sanjay~Ghemawat and
    Ian~Goodfellow and
    Andrew~Harp and
    Geoffrey~Irving and
    Michael~Isard and
    Yangqing Jia and
    Rafal~Jozefowicz and
    Lukasz~Kaiser and
    Manjunath~Kudlur and
    Josh~Levenberg and
    Dandelion~Man\'{e} and
    Rajat~Monga and
    Sherry~Moore and
    Derek~Murray and
    Chris~Olah and
    Mike~Schuster and
    Jonathon~Shlens and
    Benoit~Steiner and
    Ilya~Sutskever and
    Kunal~Talwar and
    Paul~Tucker and
    Vincent~Vanhoucke and
    Vijay~Vasudevan and
    Fernanda~Vi\'{e}gas and
    Oriol~Vinyals and
    Pete~Warden and
    Martin~Wattenberg and
    Martin~Wicke and
    Yuan~Yu and
    Xiaoqiang~Zheng},
  year={2015},
}